@misc{hu2021lora,
      title={LoRA: Low-Rank Adaptation of Large Language Models}, 
      author={Edward J. Hu and Yelong Shen and Phillip Wallis and Zeyuan Allen-Zhu and Yuanzhi Li and Shean Wang and Lu Wang and Weizhu Chen},
      year={2021},
      eprint={2106.09685},
      archivePrefix={arXiv},
      primaryClass={cs.CL}
}

@article{roberta,
  author    = {Yinhan Liu and
               Myle Ott and
               Naman Goyal and
               Jingfei Du and
               Mandar Joshi and
               Danqi Chen and
               Omer Levy and
               Mike Lewis and
               Luke Zettlemoyer and
               Veselin Stoyanov},
  title     = {RoBERTa: {A} Robustly Optimized {BERT} Pretraining Approach},
  journal   = {CoRR},
  volume    = {abs/1907.11692},
  year      = {2019},
  url       = {http://arxiv.org/abs/1907.11692},
  archivePrefix = {arXiv},
  eprint    = {1907.11692},
  timestamp = {Thu, 01 Aug 2019 08:59:33 +0200},
  biburl    = {https://dblp.org/rec/journals/corr/abs-1907-11692.bib},
  bibsource = {dblp computer science bibliography, https://dblp.org}
}

@inproceedings{sst,
    title = "Recursive Deep Models for Semantic Compositionality Over a Sentiment Treebank",
    author = "Socher, Richard  and
      Perelygin, Alex  and
      Wu, Jean  and
      Chuang, Jason  and
      Manning, Christopher D.  and
      Ng, Andrew  and
      Potts, Christopher",
    booktitle = "Proceedings of the 2013 Conference on Empirical Methods in Natural Language Processing",
    month = oct,
    year = "2013",
    address = "Seattle, Washington, USA",
    publisher = "Association for Computational Linguistics",
    url = "https://www.aclweb.org/anthology/D13-1170",
    pages = "1631--1642",
}

@misc{sung2022lst,
      title={LST: Ladder Side-Tuning for Parameter and Memory Efficient Transfer Learning}, 
      author={Yi-Lin Sung and Jaemin Cho and Mohit Bansal},
      year={2022},
      eprint={2206.06522},
      archivePrefix={arXiv},
      primaryClass={cs.CL}
}

@ARTICLE{zo-sgd,
  author={Spall, J.C.},
  journal={IEEE Transactions on Automatic Control}, 
  title={Multivariate stochastic approximation using a simultaneous perturbation gradient approximation}, 
  year={1992},
  volume={37},
  number={3},
  pages={332-341},
  doi={10.1109/9.119632}
}

@misc{mezo,
      title={Fine-Tuning Language Models with Just Forward Passes}, 
      author={Sadhika Malladi and Tianyu Gao and Eshaan Nichani and Alex Damian and Jason D. Lee and Danqi Chen and Sanjeev Arora},
      year={2023},
      eprint={2305.17333},
      archivePrefix={arXiv},
      primaryClass={cs.LG}
}
  
  
@misc{prompt,
      title={Making Pre-trained Language Models Better Few-shot Learners}, 
      author={Tianyu Gao and Adam Fisch and Danqi Chen},
      year={2021},
      eprint={2012.15723},
      archivePrefix={arXiv},
      primaryClass={cs.CL}
}  

@misc{peft-categories,
      title={Scaling Down to Scale Up: A Guide to Parameter-Efficient Fine-Tuning}, 
      author={Vladislav Lialin and Vijeta Deshpande and Anna Rumshisky},
      year={2023},
      eprint={2303.15647},
      archivePrefix={arXiv},
      primaryClass={cs.CL}
}

@misc{adapters,
      title={Parameter-Efficient Transfer Learning for NLP}, 
      author={Neil Houlsby and Andrei Giurgiu and Stanislaw Jastrzebski and Bruna Morrone and Quentin de Laroussilhe and Andrea Gesmundo and Mona Attariyan and Sylvain Gelly},
      year={2019},
      eprint={1902.00751},
      archivePrefix={arXiv},
      primaryClass={cs.LG}
}

@misc{prompt-tuning,
      title={The Power of Scale for Parameter-Efficient Prompt Tuning}, 
      author={Brian Lester and Rami Al-Rfou and Noah Constant},
      year={2021},
      eprint={2104.08691},
      archivePrefix={arXiv},
      primaryClass={cs.CL}
}

@misc{zaken2022bitfit,
      title={BitFit: Simple Parameter-efficient Fine-tuning for Transformer-based Masked Language-models}, 
      author={Elad Ben Zaken and Shauli Ravfogel and Yoav Goldberg},
      year={2022},
      eprint={2106.10199},
      archivePrefix={arXiv},
      primaryClass={cs.LG}
}

@misc{aghajanyan2020intrinsic,
      title={Intrinsic Dimensionality Explains the Effectiveness of Language Model Fine-Tuning}, 
      author={Armen Aghajanyan and Luke Zettlemoyer and Sonal Gupta},
      year={2020},
      eprint={2012.13255},
      archivePrefix={arXiv},
      primaryClass={cs.LG}
}

@misc{edalati2022krona,
      title={KronA: Parameter Efficient Tuning with Kronecker Adapter}, 
      author={Ali Edalati and Marzieh Tahaei and Ivan Kobyzev and Vahid Partovi Nia and James J. Clark and Mehdi Rezagholizadeh},
      year={2022},
      eprint={2212.10650},
      archivePrefix={arXiv},
      primaryClass={cs.CL}
}

@misc{ia3,
      title={Few-Shot Parameter-Efficient Fine-Tuning is Better and Cheaper than In-Context Learning}, 
      author={Haokun Liu and Derek Tam and Mohammed Muqeeth and Jay Mohta and Tenghao Huang and Mohit Bansal and Colin Raffel},
      year={2022},
      eprint={2205.05638},
      archivePrefix={arXiv},
      primaryClass={cs.LG}
}

@misc{dettmers2023qlora,
      title={QLoRA: Efficient Finetuning of Quantized LLMs}, 
      author={Tim Dettmers and Artidoro Pagnoni and Ari Holtzman and Luke Zettlemoyer},
      year={2023},
      eprint={2305.14314},
      archivePrefix={arXiv},
      primaryClass={cs.LG}
}

@article{JMLR:v15:srivastava14a,
  author  = {Nitish Srivastava and Geoffrey Hinton and Alex Krizhevsky and Ilya Sutskever and Ruslan Salakhutdinov},
  title   = {Dropout: A Simple Way to Prevent Neural Networks from Overfitting},
  journal = {Journal of Machine Learning Research},
  year    = {2014},
  volume  = {15},
  number  = {56},
  pages   = {1929--1958},
  url     = {http://jmlr.org/papers/v15/srivastava14a.html}
}

@article{DBLP:journals/corr/abs-1711-05101,
  author       = {Ilya Loshchilov and
                  Frank Hutter},
  title        = {Fixing Weight Decay Regularization in Adam},
  journal      = {CoRR},
  volume       = {abs/1711.05101},
  year         = {2017},
  url          = {http://arxiv.org/abs/1711.05101},
  eprinttype    = {arXiv},
  eprint       = {1711.05101},
  timestamp    = {Mon, 13 Aug 2018 16:48:18 +0200},
  biburl       = {https://dblp.org/rec/journals/corr/abs-1711-05101.bib},
  bibsource    = {dblp computer science bibliography, https://dblp.org}
}

@misc{wang2019glue,
      title={GLUE: A Multi-Task Benchmark and Analysis Platform for Natural Language Understanding}, 
      author={Alex Wang and Amanpreet Singh and Julian Michael and Felix Hill and Omer Levy and Samuel R. Bowman},
      year={2019},
      eprint={1804.07461},
      archivePrefix={arXiv},
      primaryClass={cs.CL}
}